@article{einstein,
  author =       "Albert Einstein",
  title =        "{Zur Elektrodynamik bewegter K{\"o}rper}. ({German})
                 [{On} the electrodynamics of moving bodies]",
  journal =      "Annalen der Physik",
  volume =       "322",
  number =       "10",
  pages =        "891--921",
  year =         "1905",
  DOI =          "http://dx.doi.org/10.1002/andp.19053221004",
  keywords =     "physics"
}

@article{alcoholeff,
  author =       "ScienceDaily",
  title =        "{Alcoholism: Clinical $\&$ Experimental Research}.
                 [{Reviewing} alcohol's effects on normal sleep]",
  year =         "2013",
  DOI =          "https://www.sciencedaily.com/releases/2013/01/130122162236.htm",
  keywords =     "alcohol"
}

@article{ageimpact,
  author =       "Chaput JP, Dutil C, Sampasa-Kanyinga H",
  title =        "{Nat Sci Sleep}.
                 [{Sleeping} hours: what is the ideal number and how does age impact this?]",
  year =         "2018",
  DOI =          "https://doi.org/10.2147/NSS.S163071",
  keywords =     "age"
}

@article{sequence,
  author =       "National Institute of Neurological Disorders and Stroke",
  title =        "{Brain Basics: Understanding Sleep}.
                 [{Sleep} Stages and Mechanisms]",
  year =         "2023",
  DOI =          "https://www.ninds.nih.gov/health-information/public-education/brain-basics/brain-basics-understanding-sleep",
  keywords =     "sequence"
}

@article{4stage,
  author =       "Aakash K. Patel; Vamsi Reddy; Karlie R. Shumway; John F. Araujo",
  title =        "{National Library of Medicine}.
                 [{Physiology}, Sleep Stages]",
  year =         "2022",
  DOI =          "https://www.ncbi.nlm.nih.gov/books/NBK526132/",
  keywords =     "stages"
}

@article{wakeup,
  author =       "Jon Johnson",
  title =        "{Medical News Today}.
                 [{What} are the best times to sleep and wake up?]",
  year =         "2020",
  DOI =          "https://www.medicalnewstoday.com/articles/best-time-to-sleep-and-wake-up",
  keywords =     "wakeup"
}

https://www.medicalnewstoday.com/articles/best-time-to-sleep-and-wake-up
